% This file was created with JabRef 2.10b2.
% Encoding: UTF-8


@Article{Boros2010,
  Title                    = {Exclusive and essential sets of implicates of {B}oolean functions},
  Author                   = {Endre Boros and Ondřej Čepek and Alexander Kogan and Petr Kučera},
  Journal                  = {Discrete Applied Mathematics},
  Year                     = {2010},
  Number                   = {2},
  Pages                    = {81 - 96},
  Volume                   = {158},

  __markedentry            = {[filip:6]},
  Doi                      = {http://dx.doi.org/10.1016/j.dam.2009.08.012},
  File                     = {:doc/1-s2.0-S0166218X09003394-main.pdf:PDF},
  ISSN                     = {0166-218X},
  Keywords                 = {Horn functions},
  Owner                    = {filip},
  Timestamp                = {2015.04.16},
  Url                      = {http://www.sciencedirect.com/science/article/pii/S0166218X09003394}
}

@Article{Cepek2012,
  Title                    = {Boolean functions with a simple certificate for {CNF} complexity},
  Author                   = {Ondřej Čepek and Petr Kučera and Petr Savický},
  Journal                  = {Discrete Applied Mathematics},
  Year                     = {2012},
  Number                   = {4–5},
  Pages                    = {365 - 382},
  Volume                   = {160},

  __markedentry            = {[filip:]},
  Doi                      = {http://dx.doi.org/10.1016/j.dam.2011.05.013},
  File                     = {:doc/1-s2.0-S0166218X11001958-main.pdf:PDF},
  ISSN                     = {0166-218X},
  Keywords                 = {Boolean functions},
  Owner                    = {filip},
  Timestamp                = {2015.04.16},
  Url                      = {http://www.sciencedirect.com/science/article/pii/S0166218X11001958}
}

@Book{Crama2011,
  Title                    = {Boolean Functions: Theory, Algorithms, and Applications},
  Author                   = {Yves Crama and Peter L. Hammer},
  Publisher                = {Cambridge University Press},
  Year                     = {2011},
  Series                   = {Encyclopedia of Mathematics and its Applications},

  __markedentry            = {[filip:6]},
  File                     = {:doc/CH11.pdf:PDF},
  ISBN                     = {9781139498630},
  Owner                    = {filip},
  Timestamp                = {2015.05.05},
  Url                      = {http://books.google.cz/books?id=3KmyKpw\_pbUC}
}

@Article{DeMillo1991,
  Title                    = {Constraint-based automatic test data generation},
  Author                   = {Richard A. DeMillo and A. Jefferson Offutt},
  Journal                  = {Software Engineering, IEEE Transactions on},
  Year                     = {1991},

  Month                    = {Sep},
  Number                   = {9},
  Pages                    = {900-910},
  Volume                   = {17},

  Doi                      = {10.1109/32.92910},
  File                     = {:doc/00092910.pdf:PDF},
  Keywords                 = {computational complexity;program testing;Godzilla;Mothra testing system;algebraic constraints;automatic test data generation;constraint-based data generation;fault-based technique;module testing;mutation analysis;relative adequacy;Algorithms;Automatic testing;Computer science;Costs;Fault detection;Genetic mutations;Software engineering;Software systems;Software testing;System testing},
  Owner                    = {filip},
  Timestamp                = {2015.05.03},
  Url                      = {http://ieeexplore.ieee.org/xpl/articleDetails.jsp?arnumber=92910}
}

@MastersThesis{Dubovsky2012,
  Title                    = {A construction of minimum {DNF} representations of 2-interval functions},
  Author                   = {Jakub Dubovský},
  School                   = {Charles University in Prague},
  Year                     = {2012},

  File                     = {:doc/DPTX_2011_1__0_295678_0_116613.pdf:PDF},
  Keywords                 = {boolean function, interval function, representation construction, approximation},
  Owner                    = {filip},
  Timestamp                = {2015.01.23},
  Url                      = {https://is.cuni.cz/webapps/zzp/detail/116613/}
}

@Misc{Husek2015,
  Author                   = {Radek Hušek},
  HowPublished             = {personal communication},
  Month                    = {April},
  Year                     = {2015},

  Owner                    = {filip},
  Timestamp                = {2015.04.13}
}

@MastersThesis{Husek2014,
  Title                    = {Properties of interval {B}oolean functions},
  Author                   = {Radek Hušek},
  School                   = {Charles University in Prague},
  Year                     = {2014},
  Note                     = {[In Czech]},

  File                     = {:doc/DPTX_2013_1_11320_0_378361_0_145114.pdf:PDF},
  Keywords                 = {Boolean functions, interval functions, polynomial time algorithms},
  Owner                    = {filip},
  Timestamp                = {2015.04.08},
  Url                      = {https://is.cuni.cz/webapps/zzp/detail/145114/}
}

@InProceedings{Lewin1995,
  Title                    = {Constraint satisfaction for test program generation},
  Author                   = {Daniel Lewin and Laurent Fournier and Moshe Levinger and Evgeny Roytman and Gil Shurek},
  Booktitle                = {Computers and Communications, 1995., Conference Proceedings of the 1995 IEEE Fourteenth Annual International Phoenix Conference on},
  Year                     = {1995},
  Month                    = {Mar},
  Pages                    = {45-48},
  Publisher                = {IEEE},

  Doi                      = {10.1109/PCCC.1995.472513},
  File                     = {:doc/ipccc95.pdf:PDF},
  Keywords                 = {automatic test software;computer testing;formal specification;formal verification;integrated circuit testing;virtual machines;Model-Based Test-Generator;PowerPC;address constraint satisfaction;addressing modes;automatic test generation;complex addressing modes;generic algorithm;memory access generation;test program generation;Automatic testing;Computer architecture;Gas insulated transmission lines;Heart;Laboratories;Memory management;Power system modeling;Predictive models;Registers;Software testing},
  Owner                    = {filip},
  Timestamp                = {2015.05.03},
  Url                      = {http://ieeexplore.ieee.org/xpl/articleDetails.jsp?arnumber=472513}
}

@Article{Schieber2005154,
  Title                    = {Computing the minimum {DNF} representation of {B}oolean functions defined by intervals},
  Author                   = {Baruch Schieber and Daniel Geist and Ayal Zaks},
  Journal                  = {Discrete Applied Mathematics},
  Year                     = {2005},
  Number                   = {1–3},
  Pages                    = {154 - 173},
  Volume                   = {149},

  Doi                      = {http://dx.doi.org/10.1016/j.dam.2004.08.009},
  File                     = {:doc/1-s2.0-S0166218X05000752-main.pdf:PDF},
  ISSN                     = {0166-218X},
  Keywords                 = {Constraint satisfaction},
  Owner                    = {filip},
  Timestamp                = {2015.01.23},
  Url                      = {http://www.sciencedirect.com/science/article/pii/S0166218X05000752}
}

@InProceedings{Umans1998,
  Title                    = {The minimum equivalent {DNF} problem and shortest implicants},
  Author                   = {Christopher Umans},
  Booktitle                = {Foundations of Computer Science, 1998. Proceedings. 39th Annual Symposium on},
  Year                     = {1998},
  Month                    = {Nov},
  Pages                    = {556-563},
  Publisher                = {IEEE},

  Doi                      = {10.1109/SFCS.1998.743506},
  File                     = {:doc/00743506.pdf:PDF},
  ISSN                     = {0272-5428},
  Keywords                 = {Boolean functions;computational complexity;minimisation of switching nets;Σ2p-complete;Boolean function;complexity;logic minimization;minimum equivalent DNF problem;shortest implicant problem;shortest implicants;Boolean functions;Circuits;Computer science;Electronic switching systems;Logic;Minimization;Polynomials},
  Url                      = {http://ieeexplore.ieee.org/xpl/articleDetails.jsp?arnumber=743506}
}

